<?xml version="1.0" encoding="UTF-8"?><collection xmlns="http://www.loc.gov/MARC21/slim"><record><leader>00379nam--2200121-i-4500</leader><controlfield tag="001">000018012</controlfield><controlfield tag="002">20161230</controlfield><controlfield tag="005">20161230201032</controlfield><controlfield tag="008">060222s1000------------r-----000-0-eng-d</controlfield><datafield ind1=" " ind2=" " tag="100"><subfield code="a">Ferry, Ervin S</subfield></datafield><datafield ind1=" " ind2=" " tag="245"><subfield code="a">A handbook of phisycs measurements. 2-nd edition revised. vol. i fundamenta measurement, properties of matter and optics</subfield></datafield><datafield ind1=" " ind2=" " tag="260"><subfield code="a">New York, Wiley, 1926-29</subfield></datafield><datafield ind1=" " ind2=" " tag="852"><subfield code="a">1052</subfield></datafield></record></collection>